@article{Planck:2018vyg,
    author = "Aghanim, N. and others",
    collaboration = "Planck",
    title = "{Planck 2018 results. VI. Cosmological parameters}",
    eprint = "1807.06209",
    archivePrefix = "arXiv",
    primaryClass = "astro-ph.CO",
    doi = "10.1051/0004-6361/201833910",
    journal = "Astron. Astrophys.",
    volume = "641",
    pages = "A6",
    year = "2020",
    note = "[Erratum: Astron.Astrophys. 652, C4 (2021)]"
}

@article{BICEP:2021xfz,
    author = "Ade, P. A. R. and others",
    collaboration = "BICEP, Keck",
    title = "{Improved Constraints on Primordial Gravitational Waves using Planck, WMAP, and BICEP/Keck Observations through the 2018 Observing Season}",
    eprint = "2110.00483",
    archivePrefix = "arXiv",
    primaryClass = "astro-ph.CO",
    doi = "10.1103/PhysRevLett.127.151301",
    journal = "Phys. Rev. Lett.",
    volume = "127",
    number = "15",
    pages = "151301",
    year = "2021"
}

@article{Cyburt:2015mya,
    author = "Cyburt, Richard H. and Fields, Brian D. and Olive, Keith A. and Yeh, Tsung-Han",
    title = "{Big Bang Nucleosynthesis: 2015}",
    eprint = "1505.01076",
    archivePrefix = "arXiv",
    primaryClass = "astro-ph.CO",
    reportNumber = "UMN-TH-3432-15, FTPI-MINN-15-19",
    doi = "10.1103/RevModPhys.88.015004",
    journal = "Rev. Mod. Phys.",
    volume = "88",
    pages = "015004",
    year = "2016"
}

@article{Sato:1980yn,
    author = "Sato, K.",
    title = "{First Order Phase Transition of a Vacuum and Expansion of the Universe}",
    reportNumber = "NORDITA-80-29",
    journal = "Mon. Not. Roy. Astron. Soc.",
    volume = "195",
    pages = "467--479",
    year = "1981"
}

@article{Guth:1980zm,
    author = "Guth, Alan H.",
    editor = "Fang, Li-Zhi and Ruffini, R.",
    title = "{The Inflationary Universe: A Possible Solution to the Horizon and Flatness Problems}",
    reportNumber = "SLAC-PUB-2576",
    doi = "10.1103/PhysRevD.23.347",
    journal = "Phys. Rev. D",
    volume = "23",
    pages = "347--356",
    year = "1981"
}

@article{Kazanas:1980tx,
    author = "Kazanas, D.",
    title = "{Dynamics of the Universe and Spontaneous Symmetry Breaking}",
    doi = "10.1086/183361",
    journal = "Astrophys. J. Lett.",
    volume = "241",
    pages = "L59--L63",
    year = "1980"
}

@article{Weinberg:1982zq,
    author = "Weinberg, Steven",
    title = "{Cosmological Constraints on the Scale of Supersymmetry Breaking}",
    reportNumber = "Print-82-0306 (TEXAS)",
    doi = "10.1103/PhysRevLett.48.1303",
    journal = "Phys. Rev. Lett.",
    volume = "48",
    pages = "1303",
    year = "1982"
}

@article{Hawking:1982cz,
    author = "Hawking, S. W.",
    title = "{The Development of Irregularities in a Single Bubble Inflationary Universe}",
    reportNumber = "Print-83-0015 (CAMBRIDGE)",
    doi = "10.1016/0370-2693(82)90373-2",
    journal = "Phys. Lett. B",
    volume = "115",
    pages = "295",
    year = "1982"
}

@article{COBE:1992syq,
    author = "Smoot, George F. and others",
    collaboration = "COBE",
    title = "{Structure in the COBE differential microwave radiometer first year maps}",
    reportNumber = "PRINT-92-0148 (UC,BERKELEY)",
    doi = "10.1086/186504",
    journal = "Astrophys. J. Lett.",
    volume = "396",
    pages = "L1--L5",
    year = "1992"
}

@article{SATO198166,
title = {Cosmological baryon-number domain structure and the first order phase transition of a vacuum},
journal = {Physics Letters B},
volume = {99},
number = {1},
pages = {66-70},
year = {1981},
issn = {0370-2693},
doi = {https://doi.org/10.1016/0370-2693(81)90805-4},
url = {https://www.sciencedirect.com/science/article/pii/0370269381908054},
author = {Katsuhiko Sato},
}

@article{Martin:2013tda,
    author = "Martin, Jerome and Ringeval, Christophe and Vennin, Vincent",
    title = "{Encyclop\ae{}dia Inflationaris}: {Opiparous Edition}",
    eprint = "1303.3787",
    archivePrefix = "arXiv",
    primaryClass = "astro-ph.CO",
    doi = "10.1016/j.dark.2024.101653",
    journal = "Phys. Dark Univ.",
    volume = "5-6",
    pages = "75--235",
    year = "2014"
}

@article{Starobinsky:1980te,
    author = "Starobinsky, Alexei A.",
    editor = "Khalatnikov, I. M. and Mineev, V. P.",
    title = "{A New Type of Isotropic Cosmological Models Without Singularity}",
    doi = "10.1016/0370-2693(80)90670-X",
    journal = "Phys. Lett. B",
    volume = "91",
    pages = "99--102",
    year = "1980"
}

@misc{Alam:2024kgk,
    author = "Alam, Sonej and Sen, Somasri and Sengupta, Soumitra",
    title = "{Absence of antisymmetric tensor fields : Clue from Starobinsky model of f(R) gravity}",
    eprint = "2403.02771",
    archivePrefix = "arXiv",
    primaryClass = "astro-ph.CO",
    month = "3",
    year = "2024"
}

@article{German:2023euc,
    author = "German, Gabriel and Hidalgo, Juan Carlos and Padilla, Luis E.",
    title = "{Solution for cosmological observables in the Starobinsky model of inflation}",
    eprint = "2307.08257",
    archivePrefix = "arXiv",
    primaryClass = "astro-ph.CO",
    doi = "10.1140/epjp/s13360-024-05065-7",
    journal = "Eur. Phys. J. Plus",
    volume = "139",
    number = "3",
    pages = "295",
    year = "2024"
}

@article{Kallosh:2010ug,
    author = "Kallosh, Renata and Linde, Andrei",
    title = "{New models of chaotic inflation in supergravity}",
    eprint = "1008.3375",
    archivePrefix = "arXiv",
    primaryClass = "hep-th",
    doi = "10.1088/1475-7516/2010/11/011",
    journal = "JCAP",
    volume = "11",
    pages = "011",
    year = "2010"
}

@article{Peebles:2002gy,
    author = "Peebles, P. J. E. and Ratra, Bharat",
    editor = "Hsu, Jong-Ping and Fine, D.",
    title = "{The Cosmological Constant and Dark Energy}",
    eprint = "astro-ph/0207347",
    archivePrefix = "arXiv",
    reportNumber = "KSUPT-02-3",
    doi = "10.1103/RevModPhys.75.559",
    journal = "Rev. Mod. Phys.",
    volume = "75",
    pages = "559--606",
    year = "2003"
}

@article{Masi:2002hp,
    author = "Masi, S. and others",
    editor = "Faessler, A.",
    title = "{The BOOMERanG experiment and the curvature of the universe}",
    eprint = "astro-ph/0201137",
    archivePrefix = "arXiv",
    doi = "10.1016/S0146-6410(02)00131-X",
    journal = "Prog. Part. Nucl. Phys.",
    volume = "48",
    pages = "243--261",
    year = "2002"
}

@misc{Lyth:2009zz,
    author = "Lyth, David H. and Liddle, Andrew R.",
    title = "{The primordial density perturbation: Cosmology, inflation and the origin of structure}",
    year = "2009"
}

@article{tHooft:1974kcl,
    author = "'t Hooft, Gerard",
    editor = "Taylor, J. C.",
    title = "{Magnetic Monopoles in Unified Gauge Theories}",
    reportNumber = "CERN-TH-1876",
    doi = "10.1016/0550-3213(74)90486-6",
    journal = "Nucl. Phys. B",
    volume = "79",
    pages = "276--284",
    year = "1974"
}


@article{Fields:2011zzb,
    author = "Fields, Brian D.",
    title = "{The primordial lithium problem}",
    eprint = "1203.3551",
    archivePrefix = "arXiv",
    primaryClass = "astro-ph.CO",
    doi = "10.1146/annurev-nucl-102010-130445",
    journal = "Ann. Rev. Nucl. Part. Sci.",
    volume = "61",
    pages = "47--68",
    year = "2011"
}

@article{Bernreuther:2002uj,
    author = "Bernreuther, Werner",
    title = "{CP violation and baryogenesis}",
    eprint = "hep-ph/0205279",
    archivePrefix = "arXiv",
    reportNumber = "PITHA-02-08",
    journal = "Lect. Notes Phys.",
    volume = "591",
    pages = "237--293",
    year = "2002"
}

@article{Riotto:2002yw,
    author = "Riotto, Antonio",
    editor = "Dvali, G. and Perez-Lorenzana, Abdel and Senjanovic, G. and Thompson, G. and Vissani, F.",
    title = "{Inflation and the theory of cosmological perturbations}",
    eprint = "hep-ph/0210162",
    archivePrefix = "arXiv",
    reportNumber = "DFPD-TH-02-22",
    journal = "ICTP Lect. Notes Ser.",
    volume = "14",
    pages = "317--413",
    year = "2003"
}

@article{Remmen:2014mia,
    author = "Remmen, Grant N. and Carroll, Sean M.",
    title = "{How Many $e$-Folds Should We Expect from High-Scale Inflation?}",
    eprint = "1405.5538",
    archivePrefix = "arXiv",
    primaryClass = "hep-th",
    reportNumber = "CALT-2014-138",
    doi = "10.1103/PhysRevD.90.063517",
    journal = "Phys. Rev. D",
    volume = "90",
    number = "6",
    pages = "063517",
    year = "2014"
}

@inproceedings{Kolb:1999ar,
    author = "Kolb, Edward W.",
    title = "{Dynamics of the inflationary era}",
    booktitle = "{Pritzker Symposium and Workshop on the Status of Inflationary Cosmology}",
    eprint = "hep-ph/9910311",
    archivePrefix = "arXiv",
    reportNumber = "FERMILAB-CONF-99-303-A",
    month = "1",
    year = "1999"
}

@article{Linde:1983gd,
    author = "Linde, Andrei D.",
    title = "{Chaotic Inflation}",
    doi = "10.1016/0370-2693(83)90837-7",
    journal = "Phys. Lett. B",
    volume = "129",
    pages = "177--181",
    year = "1983"
}

@article{Albrecht:1982wi,
    author = "Albrecht, Andreas and Steinhardt, Paul J.",
    editor = "Fang, Li-Zhi and Ruffini, R.",
    title = "{Cosmology for Grand Unified Theories with Radiatively Induced Symmetry Breaking}",
    reportNumber = "UPR-0185T",
    doi = "10.1103/PhysRevLett.48.1220",
    journal = "Phys. Rev. Lett.",
    volume = "48",
    pages = "1220--1223",
    year = "1982"
}

@article{Adams:1992bn,
    author = "Adams, Fred C. and Bond, J. Richard and Freese, Katherine and Frieman, Joshua A. and Olinto, Angela V.",
    title = "{Natural inflation: Particle physics models, power law spectra for large scale structure, and constraints from COBE}",
    eprint = "hep-ph/9207245",
    archivePrefix = "arXiv",
    reportNumber = "FERMILAB-PUB-92-202-A",
    doi = "10.1103/PhysRevD.47.426",
    journal = "Phys. Rev. D",
    volume = "47",
    pages = "426--455",
    year = "1993"
}

@article{Brauner:2024juy,
    author = "Brauner, Tom\'a\v{s}",
    title = "{Effective Field Theory for Spontaneously Broken Symmetry}",
    eprint = "2404.14518",
    archivePrefix = "arXiv",
    primaryClass = "hep-th",
    doi = "10.1007/978-3-031-48378-3",
    journal = "Lect. Notes Phys.",
    volume = "1023",
    pages = "pp.",
    year = "2024"
}

@article{Freese:1990rb,
    author = "Freese, Katherine and Frieman, Joshua A. and Olinto, Angela V.",
    title = "{Natural inflation with pseudo - Nambu-Goldstone bosons}",
    reportNumber = "FERMILAB-PUB-90-177-A",
    doi = "10.1103/PhysRevLett.65.3233",
    journal = "Phys. Rev. Lett.",
    volume = "65",
    pages = "3233--3236",
    year = "1990"
}

@article{Lyth:1998xn,
    author = "Lyth, David H. and Riotto, Antonio",
    title = "{Particle physics models of inflation and the cosmological density perturbation}",
    eprint = "hep-ph/9807278",
    archivePrefix = "arXiv",
    reportNumber = "LANCS-TH-9720, FERMILAB-PUB-97-292-A, CERN-TH-97-383, OUTP-98-39-P",
    doi = "10.1016/S0370-1573(98)00128-8",
    journal = "Phys. Rept.",
    volume = "314",
    pages = "1--146",
    year = "1999"
}

@article{Liddle:1994dx,
    author = "Liddle, Andrew R. and Parsons, Paul and Barrow, John D.",
    title = "{Formalizing the slow roll approximation in inflation}",
    eprint = "astro-ph/9408015",
    archivePrefix = "arXiv",
    reportNumber = "SUSSEX-AST-94-8-1",
    doi = "10.1103/PhysRevD.50.7222",
    journal = "Phys. Rev. D",
    volume = "50",
    pages = "7222--7232",
    year = "1994"
}

@article{Starobinsky:1979ty,
    author = "Starobinsky, Alexei A.",
    editor = "Khalatnikov, I. M. and Mineev, V. P.",
    title = "{Spectrum of relict gravitational radiation and the early state of the universe}",
    journal = "JETP Lett.",
    volume = "30",
    pages = "682--685",
    year = "1979"
}

@article{Planck:2015sxf,
    author = "Ade, P. A. R. and others",
    collaboration = "Planck",
    title = "{Planck 2015 results. XX. Constraints on inflation}",
    eprint = "1502.02114",
    archivePrefix = "arXiv",
    primaryClass = "astro-ph.CO",
    doi = "10.1051/0004-6361/201525898",
    journal = "Astron. Astrophys.",
    volume = "594",
    pages = "A20",
    year = "2016"
}

@article{Clifton:2011jh,
    author = "Clifton, Timothy and Ferreira, Pedro G. and Padilla, Antonio and Skordis, Constantinos",
    title = "{Modified Gravity and Cosmology}",
    eprint = "1106.2476",
    archivePrefix = "arXiv",
    primaryClass = "astro-ph.CO",
    doi = "10.1016/j.physrep.2012.01.001",
    journal = "Phys. Rept.",
    volume = "513",
    pages = "1--189",
    year = "2012"
}

@article{Ostrogradsky:1850fid,
    author = "Ostrogradsky, M.",
    title = "{M\'emoires sur les \'equations diff\'erentielles, relatives au probl\`eme des isop\'erim\`etres}",
    journal = "Mem. Acad. St. Petersbourg",
    volume = "6",
    number = "4",
    pages = "385--517",
    year = "1850"
}

@article{Woodard:2015zca,
    author = "Woodard, Richard P.",
    title = "{Ostrogradsky's theorem on Hamiltonian instability}",
    eprint = "1506.02210",
    archivePrefix = "arXiv",
    primaryClass = "hep-th",
    reportNumber = "UFIFT-QG-15-03",
    doi = "10.4249/scholarpedia.32243",
    journal = "Scholarpedia",
    volume = "10",
    number = "8",
    pages = "32243",
    year = "2015"
}

@article{matsubara_cos1,
    author = "松原隆彦",
    title = "{宇宙論の物理＜上＞}",
    eprint = "",
    archivePrefix = "",
    primaryClass = "",
    reportNumber = "",
    doi = "",
    journal = "東京大学出版会",
    volume = "",
    number = "",
    pages = "",
    year = "2014"
}

@article{matsubara_cos2,
    author = "松原隆彦",
    title = "{宇宙論の物理＜下＞}",
    eprint = "",
    archivePrefix = "",
    primaryClass = "",
    reportNumber = "",
    doi = "",
    journal = "東京大学出版会",
    volume = "",
    number = "",
    pages = "",
    year = "2014"
}

@article{matsubara_base,
    author = "松原隆彦",
    title = "{現代宇宙論}",
    eprint = "",
    archivePrefix = "",
    primaryClass = "",
    reportNumber = "",
    doi = "",
    journal = "東京大学出版会",
    volume = "",
    number = "",
    pages = "",
    year = "2010"
}

@article{tsujikawa_cos,
    author = "辻川信二",
    title = "{現代の宇宙論}",
    eprint = "",
    archivePrefix = "",
    primaryClass = "",
    reportNumber = "",
    doi = "",
    journal = "東京大学出版会",
    volume = "",
    number = "",
    pages = "",
    year = "2022"
}

@article{Weinberg_cos,
    author = "S. ワインバーグ",
    title = "{ワインバーグの宇宙論[上]}",
    eprint = "",
    archivePrefix = "",
    primaryClass = "",
    reportNumber = "",
    doi = "",
    journal = "東京大学出版会",
    volume = "",
    number = "",
    pages = "",
    year = "2013"
}

@article{Whitt:1984pd,
    author = "Whitt, Brian",
    title = "{Fourth Order Gravity as General Relativity Plus Matter}",
    reportNumber = "Print-84-0715 (CAMBRIDGE)",
    doi = "10.1016/0370-2693(84)90332-0",
    journal = "Phys. Lett. B",
    volume = "145",
    pages = "176--178",
    year = "1984"
}

@article{Woodard:2006nt,
    author = "Woodard, Richard P.",
    editor = "Papantonopoulos, Lefteris",
    title = "{Avoiding dark energy with 1/r modifications of gravity}",
    eprint = "astro-ph/0601672",
    archivePrefix = "arXiv",
    reportNumber = "UFIFT-QG-06-02",
    doi = "10.1007/978-3-540-71013-4_14",
    journal = "Lect. Notes Phys.",
    volume = "720",
    pages = "403--433",
    year = "2007"
}

@article{Linde:1981mu,
    author = "Linde, Andrei D.",
    editor = "Fang, Li-Zhi and Ruffini, R.",
    title = "{A New Inflationary Universe Scenario: A Possible Solution of the Horizon, Flatness, Homogeneity, Isotropy and Primordial Monopole Problems}",
    reportNumber = "LEBEDEV-81-229",
    doi = "10.1016/0370-2693(82)91219-9",
    journal = "Phys. Lett. B",
    volume = "108",
    pages = "389--393",
    year = "1982"
}

@Inbook{Ketov2024,
author="Ketov, Sergei V.",
editor="Bambi, Cosimo
and Modesto, Leonardo
and Shapiro, Ilya",
title="Inflationary Cosmology from Supergravity",
bookTitle="Handbook of Quantum Gravity",
year="2024",
publisher="Springer Nature Singapore",
address="Singapore",
pages="2003--2048",
isbn="978-981-99-7681-2",
doi="10.1007/978-981-99-7681-2_51",
url="https://doi.org/10.1007/978-981-99-7681-2_51"
}

@article{Toyama:2024ugg,
    author = "Toyama, Shunsuke and Ketov, Sergei V.",
    title = "{Starobinsky inflation beyond the leading order}",
    eprint = "2407.21349",
    archivePrefix = "arXiv",
    primaryClass = "gr-qc",
    reportNumber = "IPMU24-0033",
    doi = "10.1103/PhysRevD.110.063552",
    journal = "Phys. Rev. D",
    volume = "110",
    number = "6",
    pages = "063552",
    year = "2024"
}

@article{DeFelice:2010aj,
    author = "De Felice, Antonio and Tsujikawa, Shinji",
    title = "{f(R) theories}",
    eprint = "1002.4928",
    archivePrefix = "arXiv",
    primaryClass = "gr-qc",
    doi = "10.12942/lrr-2010-3",
    journal = "Living Rev. Rel.",
    volume = "13",
    pages = "3",
    year = "2010"
}

@article{Tristram:2021tvh,
    author = "Tristram, M. and others",
    title = "{Improved limits on the tensor-to-scalar ratio using BICEP and Planck data}",
    eprint = "2112.07961",
    archivePrefix = "arXiv",
    primaryClass = "astro-ph.CO",
    doi = "10.1103/PhysRevD.105.083524",
    journal = "Phys. Rev. D",
    volume = "105",
    number = "8",
    pages = "083524",
    year = "2022"
}
